@article{Acinas2005,
  doi = {10.1128/aem.71.12.8966-8969.2005},
  url = {https://doi.org/10.1128/aem.71.12.8966-8969.2005},
  year  = {2005},
  month = {dec},
  publisher = {American Society for Microbiology},
  volume = {71},
  number = {12},
  pages = {8966--8969},
  author = {S. G. Acinas and R. Sarma-Rupavtarm and V. Klepac-Ceraj and M. F. Polz},
  title = {{PCR}-Induced Sequence Artifacts and Bias: Insights from Comparison of Two 16S {rRNA} Clone Libraries Constructed from the Same Sample},
  journal = {Applied and Environmental Microbiology}
}

@article{Amir2017a,
  doi = {10.1128/msystems.00191-16},
  url = {https://doi.org/10.1128/msystems.00191-16},
  year  = {2017},
  month = {mar},
  publisher = {American Society for Microbiology},
  volume = {2},
  number = {2},
  author = {Amnon Amir and Daniel McDonald and Jose A. Navas-Molina and Evguenia Kopylova and James T. Morton and Zhenjiang Zech Xu and Eric P. Kightley and Luke R. Thompson and Embriette R. Hyde and Antonio Gonzalez and Rob Knight},
  editor = {Jack A. Gilbert},
  title = {Deblur Rapidly Resolves Single-Nucleotide Community Sequence Patterns},
  journal = {{mSystems}}
}

@article{Amir2017b,
  doi = {10.1128/msystems.00199-16},
  url = {https://doi.org/10.1128/msystems.00199-16},
  year  = {2017},
  month = {mar},
  publisher = {American Society for Microbiology},
  volume = {2},
  number = {2},
  pages = {e00199--16},
  author = {Amnon Amir and Daniel McDonald and Jose A. Navas-Molina and Justine Debelius and James T. Morton and Embriette Hyde and Adam Robbins-Pianka and Rob Knight},
  editor = {Mani Arumugam},
  title = {Correcting for Microbial Blooms in Fecal Samples during Room-Temperature Shipping},
  journal = {{mSystems}}
}

@article{Bassis2017,
  doi = {10.1186/s12866-017-0983-9},
  url = {https://doi.org/10.1186/s12866-017-0983-9},
  year  = {2017},
  month = {mar},
  publisher = {Springer Nature},
  volume = {17},
  number = {1},
  author = {Christine M. Bassis and   and Nicholas M. Moore and Karen Lolans and Anna M. Seekatz and Robert A. Weinstein and Vincent B. Young and Mary K. Hayden},
  title = {Comparison of stool versus rectal swab samples and storage conditions on bacterial community profiles},
  journal = {{BMC} Microbiology}
}

@article{BautistadelosSantos2016,
  doi = {10.1016/j.watres.2015.12.010},
  url = {https://doi.org/10.1016/j.watres.2015.12.010},
  year  = {2016},
  month = {mar},
  publisher = {Elsevier {BV}},
  volume = {90},
  pages = {216--224},
  author = {Quyen Melina Bautista-de los Santos and Joanna L. Schroeder and Oliver Blakemore and Jonathan Moses and Mark Haffey and William Sloan and Ameet J. Pinto},
  title = {The impact of sampling,  {PCR},  and sequencing replication on discerning changes in drinking water bacterial community over diurnal time-scales},
  journal = {Water Research}
}

@article{Bokulich2012,
  doi = {10.1038/nmeth.2276},
  url = {https://doi.org/10.1038/nmeth.2276},
  year  = {2012},
  month = {dec},
  publisher = {Springer Nature},
  volume = {10},
  number = {1},
  pages = {57--59},
  author = {Nicholas A Bokulich and Sathish Subramanian and Jeremiah J Faith and Dirk Gevers and Jeffrey I Gordon and Rob Knight and David A Mills and J Gregory Caporaso},
  title = {Quality-filtering vastly improves diversity estimates from Illumina amplicon sequencing},
  journal = {Nature Methods}
}

@article{Brooks2015,
  doi = {10.1186/s12866-015-0351-6},
  url = {https://doi.org/10.1186/s12866-015-0351-6},
  year  = {2015},
  month = {mar},
  publisher = {Springer Nature},
  volume = {15},
  number = {1},
  author = {J Paul Brooks and   and David J Edwards and Michael D Harwich and Maria C Rivera and Jennifer M Fettweis and Myrna G Serrano and Robert A Reris and Nihar U Sheth and Bernice Huang and Philippe Girerd and Jerome F Strauss and Kimberly K Jefferson and Gregory A Buck},
  title = {The truth about metagenomics: quantifying and counteracting bias in 16S {rRNA} studies},
  journal = {{BMC} Microbiology}
}

@article{Callahan2016,
  doi = {10.1038/nmeth.3869},
  url = {https://doi.org/10.1038/nmeth.3869},
  year  = {2016},
  month = {may},
  publisher = {Springer Nature},
  volume = {13},
  number = {7},
  pages = {581--583},
  author = {Benjamin J Callahan and Paul J McMurdie and Michael J Rosen and Andrew W Han and Amy Jo A Johnson and Susan P Holmes},
  title = {{DADA}2: High-resolution sample inference from Illumina amplicon data},
  journal = {Nature Methods}
}

@article{Caporaso2010,
  doi = {10.1073/pnas.1000080107},
  url = {https://doi.org/10.1073/pnas.1000080107},
  year  = {2010},
  month = {jun},
  publisher = {Proceedings of the National Academy of Sciences},
  volume = {108},
  number = {Supplement{\_}1},
  pages = {4516--4522},
  author = {J. G. Caporaso and C. L. Lauber and W. A. Walters and D. Berg-Lyons and C. A. Lozupone and P. J. Turnbaugh and N. Fierer and R. Knight},
  title = {Global patterns of 16S {rRNA} diversity at a depth of millions of sequences per sample},
  journal = {Proceedings of the National Academy of Sciences}
}

@article{Chandler1997,
  title={Effect of PCR template concentration on the composition and distribution of total community 16S rDNA clone libraries},
  author={Chandler, DP and Fredrickson, JK and Brockman, FJ},
  journal={Molecular Ecology},
  volume={6},
  number={5},
  pages={475--482},
  year={1997},
  publisher={Wiley Online Library}
}

@article{Cline1996,
  doi = {10.1093/nar/24.18.3546},
  url = {https://doi.org/10.1093/nar/24.18.3546},
  year  = {1996},
  month = {sep},
  publisher = {Oxford University Press ({OUP})},
  volume = {24},
  number = {18},
  pages = {3546--3551},
  author = {J Cline},
  title = {{PCR} fidelity of pfu {DNA} polymerase and other thermostable {DNA} polymerases},
  journal = {Nucleic Acids Research}
}

@article{Costea2017,
  doi = {10.1038/nbt.3960},
  url = {https://doi.org/10.1038/nbt.3960},
  year  = {2017},
  month = {oct},
  publisher = {Springer Nature},
  author = {Paul I Costea and Georg Zeller and Shinichi Sunagawa and Eric Pelletier and Adriana Alberti and Florence Levenez and Melanie Tramontano and Marja Driessen and Rajna Hercog and Ferris-Elias Jung and Jens Roat Kultima and Matthew R Hayward and Luis Pedro Coelho and Emma Allen-Vercoe and Laurie Bertrand and Michael Blaut and Jillian R M Brown and Thomas Carton and St{\'{e}}phanie Cools-Portier and Michelle Daigneault and Muriel Derrien and Anne Druesne and Willem M de Vos and B Brett Finlay and Harry J Flint and Francisco Guarner and Masahira Hattori and Hans Heilig and Ruth Ann Luna and Johan van Hylckama Vlieg and Jana Junick and Ingeborg Klymiuk and Philippe Langella and Emmanuelle Le Chatelier and Volker Mai and Chaysavanh Manichanh and Jennifer C Martin and Cl{\'{e}}mentine Mery and Hidetoshi Morita and Paul W O'Toole and C{\'{e}}line Orvain and Kiran Raosaheb Patil and John Penders and S{\o}ren Persson and Nicolas Pons and Milena Popova and Anne Salonen and Delphine Saulnier and Karen P Scott and Bhagirath Singh and Kathleen Slezak and Patrick Veiga and James Versalovic and Liping Zhao and Erwin G Zoetendal and S Dusko Ehrlich and Joel Dore and Peer Bork},
  title = {Towards standards for human fecal sample processing in metagenomic studies},
  journal = {Nature Biotechnology}
}

@article{Dominianni2014,
  doi = {10.1186/1471-2180-14-103},
  url = {https://doi.org/10.1186/1471-2180-14-103},
  year  = {2014},
  publisher = {Springer Nature},
  volume = {14},
  number = {1},
  pages = {103},
  author = {Christine Dominianni and Jing Wu and Richard B Hayes and Jiyoung Ahn},
  title = {Comparison of methods for fecal microbiome biospecimen collection},
  journal = {{BMC} Microbiology}
}

@article{Edgar2011,
  doi = {10.1093/bioinformatics/btr381},
  url = {https://doi.org/10.1093/bioinformatics/btr381},
  year  = {2011},
  month = {jun},
  publisher = {Oxford University Press ({OUP})},
  volume = {27},
  number = {16},
  pages = {2194--2200},
  author = {Robert C. Edgar and Brian J. Haas and Jose C. Clemente and Christopher Quince and Rob Knight},
  title = {{UCHIME} improves sensitivity and speed of chimera detection},
  journal = {Bioinformatics}
}

@article{Edgar2016,
  doi = {10.1101/081257},
  url = {https://doi.org/10.1101/081257},
  year  = {2016},
  month = {oct},
  publisher = {Cold Spring Harbor Laboratory},
  author = {Robert C Edgar},
  title = {{UNOISE}2: improved error-correction for Illumina 16S and {ITS} amplicon sequencing}
}

@article{Edgar2017,
  doi = {10.1101/124149},
  url = {https://doi.org/10.1101/124149},
  year  = {2017},
  month = {apr},
  publisher = {Cold Spring Harbor Laboratory},
  author = {Robert C Edgar},
  title = {{UNBIAS}: An attempt to correct abundance bias in 16S sequencing,  with limited success}
}

@article{Gilbert2018,
  doi = {10.1128/msystems.00217-17},
  url = {https://doi.org/10.1128/msystems.00217-17},
  year  = {2018},
  month = {apr},
  publisher = {American Society for Microbiology},
  volume = {3},
  number = {3},
  author = {Jack A. Gilbert and Janet K. Jansson and Rob Knight},
  title = {Earth Microbiome Project and Global Systems Biology},
  journal = {{mSystems}}
}

@article{Gohl2016,
  doi = {10.1038/nbt.3601},
  url = {https://doi.org/10.1038/nbt.3601},
  year  = {2016},
  month = {jul},
  publisher = {Springer Nature},
  volume = {34},
  number = {9},
  pages = {942--949},
  author = {Daryl M Gohl and Pajau Vangay and John Garbe and Allison MacLean and Adam Hauge and Aaron Becker and Trevor J Gould and Jonathan B Clayton and Timothy J Johnson and Ryan Hunter and Dan Knights and Kenneth B Beckman},
  title = {Systematic improvement of amplicon marker gene methods for increased accuracy in microbiome studies},
  journal = {Nature Biotechnology}
}

@article{Gorzelak2015,
  doi = {10.1371/journal.pone.0134802},
  url = {https://doi.org/10.1371/journal.pone.0134802},
  year  = {2015},
  month = {aug},
  publisher = {Public Library of Science ({PLoS})},
  volume = {10},
  number = {8},
  pages = {e0134802},
  author = {Monika A. Gorzelak and Sandeep K. Gill and Nishat Tasnim and Zahra Ahmadi-Vand and Michael Jay and Deanna L. Gibson},
  editor = {Markus M. Heimesaat},
  title = {Methods for Improving Human Gut Microbiome Data by Reducing Variability through Sample Processing and Storage of Stool},
  journal = {{PLOS} {ONE}}
}

@article{Haas2011,
  doi = {10.1101/gr.112730.110},
  url = {https://doi.org/10.1101/gr.112730.110},
  year  = {2011},
  month = {jan},
  publisher = {Cold Spring Harbor Laboratory},
  volume = {21},
  number = {3},
  pages = {494--504},
  author = {B. J. Haas and D. Gevers and A. M. Earl and M. Feldgarden and D. V. Ward and G. Giannoukos and D. Ciulla and D. Tabbaa and S. K. Highlander and E. Sodergren and B. Methe and T. Z. DeSantis and J. F. Petrosino and R. Knight and B. W. Birren and},
  title = {Chimeric 16S {rRNA} sequence formation and detection in Sanger and 454-pyrosequenced {PCR} amplicons},
  journal = {Genome Research}
}

@article{Hansen1998,
  title={Biased 16S rDNA PCR amplification caused by interference from DNA flanking the template region},
  author={Hansen, Martin Christian and Tolker-Nielsen, Tim and Givskov, Michael and Molin, S{\o}ren},
  journal={FEMS Microbiology Ecology},
  volume={26},
  number={2},
  pages={141--149},
  year={1998},
  publisher={Blackwell Publishing Ltd Oxford, UK}
}

@article{HMP2012,
  doi = {10.1038/nature11234},
  url = {https://doi.org/10.1038/nature11234},
  year  = {2012},
  month = {jun},
  publisher = {Springer Nature},
  volume = {486},
  number = {7402},
  pages = {207--214},
	author = {{Human Microbiome Consortium}},
  title = {Structure, function and diversity of the healthy human microbiome},
  journal = {Nature}
}

@article{Kebschull2015,
  doi = {10.1093/nar/gkv717},
  url = {https://doi.org/10.1093/nar/gkv717},
  year  = {2015},
  month = {jul},
  publisher = {Oxford University Press ({OUP})},
  pages = {gkv717},
  author = {Justus M. Kebschull and Anthony M. Zador},
  title = {Sources of {PCR}-induced distortions in high-throughput sequencing data sets},
  journal = {Nucleic Acids Research}
}

@article{Kennedy2014,
  doi = {10.1128/aem.01451-14},
  url = {https://doi.org/10.1128/aem.01451-14},
  year  = {2014},
  month = {jul},
  publisher = {American Society for Microbiology},
  volume = {80},
  number = {18},
  pages = {5717--5722},
  author = {Katherine Kennedy and Michael W. Hall and Michael D. J. Lynch and Gabriel Moreno-Hagelsieb and Josh D. Neufeld},
  editor = {K. E. Wommack},
  title = {Evaluating Bias of Illumina-Based Bacterial 16S {rRNA} Gene Profiles},
  journal = {Applied and Environmental Microbiology}
}

@article{Kozich2013,
  doi = {10.1128/aem.01043-13},
  url = {https://doi.org/10.1128/aem.01043-13},
  year  = {2013},
  month = {jun},
  publisher = {American Society for Microbiology},
  volume = {79},
  number = {17},
  pages = {5112--5120},
  author = {J. J. Kozich and S. L. Westcott and N. T. Baxter and S. K. Highlander and P. D. Schloss},
  title = {Development of a Dual-Index Sequencing Strategy and Curation Pipeline for Analyzing Amplicon Sequence Data on the {MiSeq} Illumina Sequencing Platform},
  journal = {Applied and Environmental Microbiology}
}

@article{Lauber2010,
  doi = {10.1111/j.1574-6968.2010.01965.x},
  url = {https://doi.org/10.1111/j.1574-6968.2010.01965.x},
  year  = {2010},
  month = {mar},
  publisher = {Oxford University Press ({OUP})},
  volume = {307},
  number = {1},
  pages = {80--86},
  author = {Christian L. Lauber and Nicholas Zhou and Jeffrey I. Gordon and Rob Knight and Noah Fierer},
  title = {Effect of storage conditions on the assessment of bacterial community structure in soil and human-associated samples},
  journal = {{FEMS} Microbiology Letters}
}

@article{Luo2016,
  doi = {10.1128/aem.01132-16},
  url = {https://doi.org/10.1128/aem.01132-16},
  year  = {2016},
  month = {jul},
  publisher = {American Society for Microbiology},
  volume = {82},
  number = {18},
  pages = {5519--5529},
  author = {Ting Luo and Usha Srinivasan and Kirtana Ramadugu and Kerby A. Shedden and Katherine Neiswanger and Erika Trumble and Jiean J. Li and Daniel W. McNeil and Richard J. Crout and Robert J. Weyant and Mary L. Marazita and Betsy Foxman},
  editor = {S.-J. Liu},
  title = {Effects of Specimen Collection Methodologies and Storage Conditions on the Short-Term Stability of Oral Microbiome Taxonomy},
  journal = {Applied and Environmental Microbiology}
}

@article{McInerney2014,
  doi = {10.1155/2014/287430},
  url = {https://doi.org/10.1155/2014/287430},
  year  = {2014},
  publisher = {Hindawi Limited},
  volume = {2014},
  pages = {1--8},
  author = {Peter McInerney and Paul Adams and Masood Z. Hadi},
  title = {Error Rate Comparison during Polymerase Chain Reaction by {DNA} Polymerase},
  journal = {Molecular Biology International}
}

@article{Meisel2016,
  doi = {10.1016/j.jid.2016.01.016},
  url = {https://doi.org/10.1016/j.jid.2016.01.016},
  year  = {2016},
  month = {may},
  publisher = {Elsevier {BV}},
  volume = {136},
  number = {5},
  pages = {947--956},
  author = {Jacquelyn S. Meisel and Geoffrey D. Hannigan and Amanda S. Tyldsley and Adam J. SanMiguel and Brendan P. Hodkinson and Qi Zheng and Elizabeth A. Grice},
  title = {Skin Microbiome Surveys Are Strongly Influenced by Experimental Design},
  journal = {Journal of Investigative Dermatology}
}

@article{Multinu2018,
  doi = {10.1128/msphere.00560-17},
  url = {https://doi.org/10.1128/msphere.00560-17},
  year = {2018},
  month = mar,
  publisher = {American Society for Microbiology},
  volume = {3},
  number = {2},
  author = {Francesco Multinu and Sean C. Harrington and Jun Chen and Patricio R. Jeraldo and Stephen Johnson and Nicholas Chia and Marina R. Walther-Antonio},
  editor = {Carolin Frank},
  title = {Systematic Bias Introduced by Genomic {DNA} Template Dilution in 16S {rRNA} Gene-Targeted Microbiota Profiling in Human Stool Homogenates},
  journal = {{mSphere}}
}

@article{Nayfach2016,
  doi = {10.1016/j.cell.2016.08.007},
  url = {https://doi.org/10.1016/j.cell.2016.08.007},
  year = {2016},
  month = aug,
  publisher = {Elsevier {BV}},
  volume = {166},
  number = {5},
  pages = {1103--1116},
  author = {Stephen Nayfach and Katherine S. Pollard},
  title = {Toward Accurate and Quantitative Comparative Metagenomics},
  journal = {Cell}
}

@article{Parada2015,
  doi = {10.1111/1462-2920.13023},
  url = {https://doi.org/10.1111/1462-2920.13023},
  year  = {2015},
  month = {oct},
  publisher = {Wiley},
  volume = {18},
  number = {5},
  pages = {1403--1414},
  author = {Alma E. Parada and David M. Needham and Jed A. Fuhrman},
  title = {Every base matters: assessing small subunit {rRNA} primers for marine microbiomes with mock communities,  time series and global field samples},
  journal = {Environmental Microbiology}
}

@article{Polz1998,
	title = {Bias in template-to-product ratios in multitemplate {PCR}},
	volume = {64},
	issn = {0099-2240},
	language = {eng},
	number = {10},
	journal = {Applied and Environmental Microbiology},
	author = {Polz, M. F. and Cavanaugh, C. M.},
	month = oct,
	year = {1998},
	pmid = {9758791},
	pmcid = {PMC106531},
	keywords = {Polymerase Chain Reaction, RNA, Ribosomal, 16S, DNA, Ribosomal, Base Sequence, Sequence Alignment, DNA Primers, Reproducibility of Results, Escherichia coli, Sensitivity and Specificity, Sequence Homology, Nucleic Acid, Oligonucleotide Probes, Bacillus subtilis, Mutagenesis, Templates, Genetic, Vibrio},
	pages = {3724--3730}
}

@article{Potapov2017,
  doi = {10.1371/journal.pone.0169774},
  url = {https://doi.org/10.1371/journal.pone.0169774},
  year  = {2017},
  month = {jan},
  publisher = {Public Library of Science ({PLoS})},
  volume = {12},
  number = {1},
  pages = {e0169774},
  author = {Vladimir Potapov and Jennifer L. Ong},
  editor = {Ruslan Kalendar},
  title = {Examining Sources of Error in {PCR} by Single-Molecule Sequencing},
  journal = {{PLOS} {ONE}}
}

@article{Quince2011,
  doi = {10.1186/1471-2105-12-38},
  url = {https://doi.org/10.1186/1471-2105-12-38},
  year  = {2011},
  publisher = {Springer Nature},
  volume = {12},
  number = {1},
  pages = {38},
  author = {Christopher Quince and Anders Lanzen and Russell J Davenport and Peter J Turnbaugh},
  title = {Removing Noise From Pyrosequenced Amplicons},
  journal = {{BMC} Bioinformatics}
}

@article{Rognes2016,
  doi = {10.7717/peerj.2584},
  url = {https://doi.org/10.7717/peerj.2584},
  year  = {2016},
  month = {oct},
  publisher = {{PeerJ}},
  volume = {4},
  pages = {e2584},
  author = {Torbj{\o}rn Rognes and Tom{\'{a}}{\v{s}} Flouri and Ben Nichols and Christopher Quince and Fr{\'{e}}d{\'{e}}ric Mah{\'{e}}},
  title = {{VSEARCH}: a versatile open source tool for metagenomics},
  journal = {{PeerJ}}
}

@article{Salter2014,
  doi = {10.1186/s12915-014-0087-z},
  url = {https://doi.org/10.1186/s12915-014-0087-z},
  year  = {2014},
  month = {nov},
  publisher = {Springer Nature},
  volume = {12},
  number = {1},
  author = {Susannah J Salter and Michael J Cox and Elena M Turek and Szymon T Calus and William O Cookson and Miriam F Moffatt and Paul Turner and Julian Parkhill and Nicholas J Loman and Alan W Walker},
  title = {Reagent and laboratory contamination can critically impact sequence-based microbiome analyses},
  journal = {{BMC} Biology}
}

@article{Schloss2009,
  doi = {10.1128/aem.01541-09},
  url = {http://dx.doi.org/10.1128/AEM.01541-09},
  year  = {2009},
  month = {oct},
  publisher = {American Society for Microbiology},
  volume = {75},
  number = {23},
  pages = {7537--7541},
  author = {P. D. Schloss and S. L. Westcott and T. Ryabin and J. R. Hall and M. Hartmann and E. B. Hollister and R. A. Lesniewski and B. B. Oakley and D. H. Parks and C. J. Robinson and J. W. Sahl and B. Stres and G. G. Thallinger and D. J. Van Horn and C. F. Weber},
  title = {Introducing mothur: Open-Source,  Platform-Independent,  Community-Supported Software for Describing and Comparing Microbial Communities},
  journal = {Applied and Environmental Microbiology}
}

@article{Schloss2011,
  doi = {10.1371/journal.pone.0027310},
  url = {https://doi.org/10.1371/journal.pone.0027310},
  year  = {2011},
  month = {dec},
  publisher = {Public Library of Science ({PLoS})},
  volume = {6},
  number = {12},
  pages = {e27310},
  author = {Patrick D. Schloss and Dirk Gevers and Sarah L. Westcott},
  editor = {Jack Anthony Gilbert},
  title = {Reducing the Effects of {PCR} Amplification and Sequencing Artifacts on 16S {rRNA}-Based Studies},
  journal = {{PLoS} {ONE}}
}

@article{Schloss2016,
  doi = {10.1128/mbio.00201-16},
  url = {https://doi.org/10.1128/mbio.00201-16},
  year  = {2016},
  month = {may},
  publisher = {American Society for Microbiology},
  volume = {7},
  number = {3},
  author = {Patrick D. Schloss and Rene A. Girard and Thomas Martin and Joshua Edwards and J. Cameron Thrash},
  title = {Status of the Archaeal and Bacterial Census: an Update},
  journal = {{mBio}}
}

@article{Schloss2018,
  doi = {10.1128/mbio.00525-18},
  url = {https://doi.org/10.1128/mbio.00525-18},
  year  = {2018},
  month = {jun},
  publisher = {American Society for Microbiology},
  volume = {9},
  number = {3},
  author = {Patrick D. Schloss},
  editor = {Jacques Ravel},
  title = {Identifying and Overcoming Threats to Reproducibility,  Replicability,  Robustness,  and Generalizability in Microbiome Research},
  journal = {{mBio}}
}

@article{Seekatz2016,
  doi = {10.1186/s13073-016-0298-8},
  url = {https://doi.org/10.1186/s13073-016-0298-8},
  year  = {2016},
  month = {apr},
  publisher = {Springer Nature},
  volume = {8},
  number = {1},
  author = {Anna Maria Seekatz and Krishna Rao and Kavitha Santhosh and Vincent Bensan Young},
  title = {Dynamics of the fecal microbiome in patients with recurrent and nonrecurrent Clostridium difficile infection},
  journal = {Genome Medicine}
}

@article{Sinha2015,
  doi = {10.1158/1055-9965.epi-15-0951},
  url = {https://doi.org/10.1158/1055-9965.epi-15-0951},
  year  = {2015},
  month = {nov},
  publisher = {American Association for Cancer Research ({AACR})},
  volume = {25},
  number = {2},
  pages = {407--416},
  author = {R. Sinha and J. Chen and A. Amir and E. Vogtmann and J. Shi and K. S. Inman and R. Flores and J. Sampson and R. Knight and N. Chia},
  title = {Collecting Fecal Samples for Microbiome Analyses in Epidemiology Studies},
  journal = {Cancer Epidemiology Biomarkers {\&} Prevention}
}

@article{Sinha2017,
  doi = {10.1038/nbt.3981},
  url = {https://doi.org/10.1038/nbt.3981},
  year  = {2017},
  month = {oct},
  publisher = {Springer Nature},
  author = {Rashmi Sinha and Galeb Abu-Ali and Emily Vogtmann and Anthony A Fodor and Boyu Ren and Amnon Amir and Emma Schwager and Jonathan Crabtree and Siyuan Ma and Christian C Abnet and Rob Knight and Owen White and Curtis Huttenhower},
  title = {Assessment of variation in microbial community amplicon sequencing by the Microbiome Quality Control ({MBQC}) project consortium},
  journal = {Nature Biotechnology}
}

@article{Song2016,
  doi = {10.1128/msystems.00021-16},
  url = {https://doi.org/10.1128/msystems.00021-16},
  year  = {2016},
  month = {may},
  publisher = {American Society for Microbiology},
  volume = {1},
  number = {3},
  pages = {e00021--16},
  author = {Se Jin Song and Amnon Amir and Jessica L. Metcalf and Katherine R. Amato and Zhenjiang Zech Xu and Greg Humphrey and Rob Knight},
  editor = {M. Denise Dearing},
  title = {Preservation Methods Differ in Fecal Microbiome Stability,  Affecting Suitability for Field Studies},
  journal = {{mSystems}}
}

@article{Suzuki1996,
  title={Bias caused by template annealing in the amplification of mixtures of 16S rRNA genes by {PCR}},
  author={Suzuki, Marcelino T and Giovannoni, Stephen J},
  journal={Applied and environmental microbiology},
  volume={62},
  number={2},
  pages={625--630},
  year={1996},
  publisher={Am Soc Microbiol}
}

@article{Sze2016,
  doi = {10.1128/mbio.01018-16},
  url = {https://doi.org/10.1128/mbio.01018-16},
  year = {2016},
  month = aug,
  publisher = {American Society for Microbiology},
  volume = {7},
  number = {4},
  author = {Marc A. Sze and Patrick D. Schloss},
  title = {Looking for a Signal in the Noise: Revisiting Obesity and the Microbiome},
  journal = {{mBio}}
}

@article{Sze2018,
  doi = {10.1128/mbio.00630-18},
  url = {https://doi.org/10.1128/mbio.00630-18},
  year = {2018},
  month = jun,
  publisher = {American Society for Microbiology},
  volume = {9},
  number = {3},
  author = {Marc A. Sze and Patrick D. Schloss},
  editor = {Claire M. Fraser},
  title = {Leveraging Existing 16S {rRNA} Gene Surveys To Identify Reproducible Biomarkers in Individuals with Colorectal Tumors},
  journal = {{mBio}}
}

@article{Wagner1994,
  title={Surveys of gene families using polymerase chain reaction: PCR selection and PCR drift},
  author={Wagner, Andreas and Blackstone, Neil and Cartwright, Paulyn and Dick, Matthew and Misof, Bernhard and Snow, Peter and Wagner, Gunter P and Bartels, Janet and Murtha, Mike and Pendleton, John},
  journal={Systematic Biology},
  volume={43},
  number={2},
  pages={250--261},
  year={1994},
  publisher={JSTOR}
}

@article{Wang1996,
  doi = {10.1099/13500872-142-5-1107},
  url = {https://doi.org/10.1099/13500872-142-5-1107},
  year  = {1996},
  month = {may},
  publisher = {Microbiology Society},
  volume = {142},
  number = {5},
  pages = {1107--1114},
  author = {G. C. Y. Wang and Y. Wang},
  title = {The frequency of chimeric molecules as a consequence of {PCR} co-amplification of 16S {rRNA} genes from different bacterial species},
  journal = {Microbiology}
}

@article{Westcott2017,
  doi = {10.1128/mspheredirect.00073-17},
  url = {https://doi.org/10.1128/mspheredirect.00073-17},
  year  = {2017},
  month = {mar},
  publisher = {American Society for Microbiology},
  volume = {2},
  number = {2},
  pages = {e00073--17},
  author = {Sarah L. Westcott and Patrick D. Schloss},
  editor = {Katherine McMahon},
  title = {{OptiClust},  an Improved Method for Assigning Amplicon-Based Sequence Data to Operational Taxonomic Units},
  journal = {{mSphere}}
}

@article{Williams2006,
  doi = {10.1038/nmeth896},
  url = {https://doi.org/10.1038/nmeth896},
  year = {2006},
  month = jul,
  publisher = {Springer Nature},
  volume = {3},
  number = {7},
  pages = {545--550},
  author = {Richard Williams and Sergio G Peisajovich and Oliver J Miller and Shlomo Magdassi and Dan S Tawfik and Andrew D Griffiths},
  title = {Amplification of complex gene libraries by emulsion {PCR}},
  journal = {Nature Methods}
}



@Manual{Tidyverse2017,
    title = {tidyverse: Easily Install and Load the 'Tidyverse'},
    author = {Hadley Wickham},
    year = {2017},
    note = {R package version 1.2.1},
    url = {https://CRAN.R-project.org/package=tidyverse},
}

@Manual{r_citation_2018,
    title = {R: A Language and Environment for Statistical Computing},
    author = {{R Core Team}},
    organization = {R Foundation for Statistical Computing},
    address = {Vienna, Austria},
    year = {2018},
    url = {https://www.R-project.org/},
  }

@Manual{Vegan2018,
    title = {vegan: Community Ecology Package},
    author = {Jari Oksanen and F. Guillaume Blanchet and Michael Friendly and Roeland Kindt and Pierre Legendre and Dan McGlinn and Peter R. Minchin and R. B. O'Hara and Gavin L. Simpson and Peter Solymos and M. Henry H. Stevens and Eduard Szoecs and Helene Wagner},
    year = {2018},
    note = {R package version 2.5-2},
    url = {https://CRAN.R-project.org/package=vegan},
}
